 @article{istat_2017, 
    author={ISTAT},
    title={Trends of Cause-Specific Mortality: The 25 Leading Causes}, 
    url={https://www.istat.it/en/archivio/199355}, 
    journal={Health Statistics}, 
    year={2017}, month={May}, 
    note = {Reference period: 2003 - 2014}
}